@ARTICLE{ref1, 
	author={Alper Tutum, Emre Yama√ß}, 
	journal={ITU Computer Engineering}, 
	title={Computer Organization}, 
	year={2024}, 
	volume={2}, 
	number={1}, 
	pages={1-9}, 
	month={May},}